@ARTICLE{sample,
  author = {Joe Bloggs},
  title = {An awesome paper},
  journal = {Physical Review Letters},
  year = {1996},
  volume = {80},
  pages = {1000-1100},
}

